@inproceedings {raft,
author = {Diego Ongaro and John Ousterhout},
title = {In Search of an Understandable Consensus Algorithm},
booktitle = {2014 USENIX Annual Technical Conference (USENIX ATC 14)},
year = {2014},
isbn = {978-1-931971-10-2},
address = {Philadelphia, PA},
pages = {305--319},
url = {https://www.usenix.org/conference/atc14/technical-sessions/presentation/ongaro},
publisher = {USENIX Association},
month = jun,
}

@misc {chaos_engineering,
title = {Principles of Chaos Engineering - The Chaos Engineering manifesto},
url = {\url{https://principlesofchaos.org}},
}
